@InProceedings{KingmaBa2015,
  author ="Kingma, D.P. and Ba, J.L.",
  title =        "ADAM: A method for stochastic optimization",
  booktitle =        "Published as a conference paper at ICLR 2015",
  organization = "ICLR",
  year = 	 "2015",
  volume = 	 "",
  pages = 	 "1-15"
}

@book{Goodfellow-et-al-2016,
    title="Deep Learning",
    author="Ian Goodfellow and Yoshua Bengio and Aaron Courville",
    publisher="MIT Press",
    note="\url http://www.deeplearningbook.org",
    year="2016"
}

@article{samek2021explaining,
  title="Explaining deep neural networks and beyond: A review of methods and applications",
  author="Samek, Wojciech and Montavon, Gregoire and Lapuschkin, Sebastian and Anders, Christopher J and Muller, Klaus-Robert",
  journal="Proceedings of the IEEE",
  volume="109",
  number="3",
  pages="247--278",
  year="2021",
  publisher="IEEE"
}

@incollection{bottou2012stochastic,
  title="Stochastic gradient descent tricks",
  author="Bottou, Leon",
  booktitle="Neural networks: Tricks of the trade",
  pages="421--436",
  year="2012",
  publisher="Springer"
}

@article{bottou2007tradeoffs,
  title="The tradeoffs of large scale learning",
  author="Bottou, Leon and Bousquet, Olivier",
  journal="Advances in neural information processing systems",
  volume="20",
  year="2007"
}
